<?xml version="1.0" encoding="UTF-8"?><collection xmlns="http://www.loc.gov/MARC21/slim"><record><leader>00431nam--2200109-i-4500</leader><controlfield tag="001">000044116</controlfield><controlfield tag="002">20161230</controlfield><controlfield tag="005">20161230201044</controlfield><controlfield tag="008">060222s1000------------r-----000-0-eng-d</controlfield><datafield ind1=" " ind2=" " tag="245"><subfield code="a">Publications of the inst.of geophysics polish academy of sciences. a.189204): a parabolic relation between the surface heat flow and radiogenic heat production for heat flow province</subfield></datafield><datafield ind1=" " ind2=" " tag="260"><subfield code="a">Waszawa, Panstwowe Wydawnictwo Naukowe, 1987</subfield></datafield><datafield ind1=" " ind2=" " tag="852"><subfield code="a">74615</subfield></datafield></record></collection>